<?xml version="1.0" encoding="UTF-8"?><collection xmlns="http://www.loc.gov/MARC21/slim"><record><leader>00430nam--2200181-u-4500</leader><controlfield tag="001">000055393</controlfield><controlfield tag="002">20161230</controlfield><controlfield tag="005">20170106153225</controlfield><controlfield tag="008">130123s1000------------r-----000-0-rus-d</controlfield><datafield ind1=" " ind2=" " tag="040"><subfield code="a">IFIN-HH</subfield></datafield><datafield ind1=" " ind2=" " tag="041"><subfield code="a">rus</subfield></datafield><datafield ind1=" " ind2=" " tag="080"><subfield code="a">539.37</subfield></datafield><datafield ind1="1" ind2=" " tag="100" /><datafield ind1="1" ind2="0" tag="245"><subfield code="a">Prikladnie zadaci mehaniki deformiruemogo tverdogo tela</subfield></datafield><datafield ind1=" " ind2=" " tag="260"><subfield code="a">Alma-Ata</subfield><subfield code="b">Nauka</subfield><subfield code="c">1989</subfield></datafield><datafield ind1=" " ind2=" " tag="300"><subfield code="a">135 p</subfield></datafield><datafield ind1=" " ind2=" " tag="852"><subfield code="a">78847</subfield><subfield code="c">539.3</subfield></datafield><datafield ind1=" " ind2=" " tag="CAT"><subfield code="a">SYS</subfield><subfield code="c">20170106</subfield><subfield code="h">153225</subfield></datafield></record></collection>